<?xml version="1.0" encoding="UTF-8"?><record xmlns="http://www.loc.gov/MARC21/slim" xmlns:cinclude="http://apache.org/cocoon/include/1.0" xmlns:zs="http://www.loc.gov/zing/srw/">
  <leader>00401nz  a2200121n  4500</leader>
  <controlfield tag="001">n  88657350 </controlfield>
  <controlfield tag="003">DLC</controlfield>
  <controlfield tag="005">19880825090205.4</controlfield>
  <controlfield tag="008">880825n| acannaab|          |n aad |||  </controlfield>
  <datafield tag="010" ind1=" " ind2=" ">
    <subfield code="a">n  88657350 </subfield>
  </datafield>
  <datafield tag="040" ind1=" " ind2=" ">
    <subfield code="a">DLC</subfield>
    <subfield code="c">DLC</subfield>
  </datafield>
  <datafield tag="100" ind1="1" ind2="0">
    <subfield code="a">Alciaturi, Carlos E.</subfield>
  </datafield>
  <datafield tag="670" ind1=" " ind2=" ">
    <subfield code="a">nuc88-97628: His Mechanistic aspects of the Wolff-Kishner reaction, 1973</subfield>
    <subfield code="b">(hdg. on DNAL rept.: Alciaturi, Carlos E.; usage: Carlos E. Alciaturi)</subfield>
  </datafield>
</record>